@book{Nikolenko, 
  author = {Николенко, {\CYRS}. {\CYRI}. and Кадурин, {\CYRS}. {\CYRA}. and Архангельская, {\CYRE}. {\CYRO}.}, 
  title = {Глубокое обучение}, 
  publisher = {Питер}, 
  address = {СПб.}, 
  year = {2018}, 
  numpages = {480},
  language = {russian} 
}

@book{Deeplearn, 
  author = {Гудфеллоу, {\CYRYA}. and Бенджио, {\CYRI}. and Курвилль, {\CYRA}.}, 
  title = {Глубокое обучение}, 
  publisher = {ДМК}, 
  address = {М.}, 
  year = {2018}, 
  numpages = {652},
  language = {russian} 
}

% Мои источники

@BOOK{Scrum1,
    title        = {Машинное обучение [{Э}лектронный ресурс]},
    note         = {URL:~\url{https://otherreferats.allbest.ru/pedagogics/00802460_0.html} (Дата обращения 04.05.2023). Загл. с экр. Яз. рус.},
}

@BOOK{Scrum2,
    title        = {Машинное обучение [{Э}лектронный ресурс]},
    note         = {URL:~\url{https://www.yaneuch.ru/cat_22/mashinnoe-obuchenie/525839.3368569.page1.html} (Дата обращения 04.05.2023). Загл. с экр. Яз. рус.},
}

@BOOK{Scrum3,
    title        = {Основные алгоритмы машинного обучения
    [{Э}лектронный ресурс]},
    note         = {URL:~\url{https://otus.ru/nest/post/856/} (Дата обращения 06.05.2023). Загл. с экр. Яз. рус.},
}

@BOOK{Scrum4,
    title        = {Машинное обучение: методы и способы [{Э}лектронный ресурс]},
    note         = {URL:~\url{https://www.osp.ru/cio/2018/05/13054535} (Дата обращения 06.05.2023). Загл. с экр. Яз. рус.},
}

@BOOK{Scrum5,
    title        = {РЕФЕРАТ НА ТЕМУ МАШИННОЕ ОБУЧЕНИЕ [{Э}лектронный ресурс]},
    note         = {URL:~\url{https://obrazovanie-gid.ru/referaty/referat-na-temu-mashinnoe-obuchenie.html} (Дата обращения 05.05.2023). Загл. с экр. Яз. рус.},
}
@BOOK{Scrum6,
    title        = {Обзор самых популярных алгоритмов машинного обучения [{Э}лектронный ресурс]},
    note         = {URL:~\url{https://tproger.ru/translations/top-machine-learning-algorithms/} (Дата обращения 01.05.2023). Загл. с экр. Яз. рус.},
}
@BOOK{Scrum7,
    title        = {Технологии машинного обучения: примеры современных тенденций
    [{Э}лектронный ресурс]},
    note         = {URL:~\url{https://habr.com/ru/companies/kauri_iot/articles/518974/} (Дата обращения 07.05.2023). Загл. с экр. Яз. рус.},
}

@BOOK{Scrum8,
    title        = {Машинное обучение
    [{Э}лектронный ресурс]},
    note         = {URL:~\url{https://student-files.ru/kursovaya/mashinnoe-obuchenie} (Дата обращения 04.05.2023). Загл. с экр. Яз. рус.},
}

@BOOK{Scrum9,
    title        = {Начало работы с машинным обучением
    [{Э}лектронный ресурс]},
    note         = {URL:~\url{https://qwertybox.ru/articles/165200/} (Дата обращения 04.05.2023). Загл. с экр. Яз. рус.},
}

@BOOK{Scrum10,
    title        = {История соревнований ИИ и человека: кто кого?
    [{Э}лектронный ресурс]},
    note         = {URL:~\url{https://futurist.ru/news/5915-istoriya-sorevnovaniy-ii-i-cheloveka-kto-kogo} (Дата обращения 06.05.2023). Загл. с экр. Яз. рус.},
}

@BOOK{Scrum11,
    title        = {Машинное обучение для начинающих: основные понятия, задачи и сфера применения
    [{Э}лектронный ресурс]},
    note         = {URL:~\url{https://proglib.io/p/mashinnoe-obuchenie-dlya-\\nachinayushchih-osnovnye-ponyatiya-zadachi-i-sfera-primeneniya\\-2021-08-29} (Дата обращения 06.05.2023). Загл. с экр. Яз. рус.},
}